<?xml version="1.0" encoding="UTF-8"?><collection xmlns="http://www.loc.gov/MARC21/slim"><record><leader>00396nam--2200133-i-4500</leader><controlfield tag="001">000035345</controlfield><controlfield tag="002">20161230</controlfield><controlfield tag="005">20161230201040</controlfield><controlfield tag="008">060222s1000------------r-----000-0-eng-d</controlfield><datafield ind1=" " ind2=" " tag="080"><subfield code="a">621.573(024)=59</subfield></datafield><datafield ind1=" " ind2=" " tag="100"><subfield code="a">Oceretianii, M.A., Svedunenco, A.S</subfield></datafield><datafield ind1=" " ind2=" " tag="245"><subfield code="a">Instalatii frigorifice automate cu freon de 1500-4000 kcal/h. (trad.din l.rusa)</subfield></datafield><datafield ind1=" " ind2=" " tag="260"><subfield code="a">Bucuresti, I.D.T., 62p.+ Erata</subfield></datafield><datafield ind1=" " ind2=" " tag="852"><subfield code="a">2346</subfield></datafield></record></collection>